@book{thijssen,
	title = "Computational Physics",
	author = "{J.M. Thijssen}",
	publisher = "Cambridge University Press",
	year = "2007"
}

@article{lebowitz1967,
	title = {Ensemble Dependence of Fluctuations with Application to Machine Computations},
	author = {Lebowitz, J. L. and Percus, J. K. and Verlet, L.},
	journal = {Phys. Rev.},
	volume = {153},
	issue = {1},
	pages = {250--254},
	numpages = {0},
	year = {1967},
	month = {Jan},
	publisher = {American Physical Society},
	doi = {10.1103/PhysRev.153.250},
	url = {http://link.aps.org/doi/10.1103/PhysRev.153.250}
}
